<record><leader>00000cas a2200000 a 4500</leader><controlfield tag="001">38481696</controlfield><controlfield tag="008">980220d19941999iluwr ne      0    0eng c</controlfield><datafield ind1=" " ind2=" " tag="010"><subfield code="a">sn 98063208 </subfield></datafield><datafield ind1=" " ind2=" " tag="040"><subfield code="a">NVF</subfield><subfield code="b">eng</subfield><subfield code="c">NVF</subfield><subfield code="d">OCLCQ</subfield><subfield code="d">NVF</subfield><subfield code="d">OCLCF</subfield><subfield code="d">OCLCO</subfield></datafield><datafield ind1="1" ind2=" " tag="029"><subfield code="a">AU@</subfield><subfield code="b">000013766513</subfield></datafield><datafield ind1=" " ind2=" " tag="042"><subfield code="a">pcc</subfield></datafield><datafield ind1=" " ind2=" " tag="043"><subfield code="a">n-us-il</subfield></datafield><datafield ind1="0" ind2=" " tag="130"><subfield code="a">West Cook press (Elmhurst, Ill. : Countryside ed.)</subfield></datafield><datafield ind1="1" ind2="0" tag="245"><subfield code="a">West Cook press.</subfield></datafield><datafield ind1=" " ind2=" " tag="250"><subfield code="a">Countryside ed.</subfield></datafield><datafield ind1=" " ind2=" " tag="260"><subfield code="a">Countryside, Ill. ;</subfield><subfield code="a">Elmhurst, IL :</subfield><subfield code="b">Press Publications,</subfield><subfield code="c">1994-1999.</subfield></datafield><datafield ind1=" " ind2=" " tag="300"><subfield code="a">v.</subfield></datafield><datafield ind1=" " ind2=" " tag="310"><subfield code="a">Weekly</subfield></datafield><datafield ind1="0" ind2=" " tag="362"><subfield code="a">Vol. 4, issue 14 (Apr. 7, 1994)-v. 67, issue 21 (May 27, 1999).</subfield></datafield><datafield ind1=" " ind2="0" tag="651"><subfield code="a">Countryside (Cook County, Ill.)</subfield><subfield code="v">Newspapers.</subfield></datafield><datafield ind1=" " ind2="0" tag="651"><subfield code="a">Elmhurst (Ill.)</subfield><subfield code="v">Newspapers.</subfield></datafield><datafield ind1=" " ind2="0" tag="651"><subfield code="a">Cook County (Ill.)</subfield><subfield code="v">Newspapers.</subfield></datafield><datafield ind1=" " ind2="7" tag="655"><subfield code="a">Newspapers.</subfield><subfield code="2">fast</subfield><subfield code="0">(OCoLC)fst01423814</subfield></datafield><datafield ind1=" " ind2="7" tag="651"><subfield code="a">Illinois</subfield><subfield code="z">Cook County.</subfield><subfield code="2">fast</subfield><subfield code="0">(OCoLC)fst01205334</subfield></datafield><datafield ind1=" " ind2="7" tag="651"><subfield code="a">Illinois</subfield><subfield code="z">Countryside (Cook County)</subfield><subfield code="2">fast</subfield><subfield code="0">(OCoLC)fst01314356</subfield></datafield><datafield ind1=" " ind2="7" tag="651"><subfield code="a">Illinois</subfield><subfield code="z">Elmhurst.</subfield><subfield code="2">fast</subfield><subfield code="0">(OCoLC)fst01205938</subfield></datafield><datafield ind1=" " ind2=" " tag="752"><subfield code="a">United States</subfield><subfield code="b">Illinois</subfield><subfield code="c">Cook</subfield><subfield code="d">Elmhurst.</subfield></datafield><datafield ind1=" " ind2=" " tag="752"><subfield code="a">United States</subfield><subfield code="b">Illinois</subfield><subfield code="c">Cook</subfield><subfield code="d">Countryside.</subfield></datafield><datafield ind1="0" ind2="0" tag="780"><subfield code="t">Press (Elmhurst, Ill. : Countryside ed.)</subfield><subfield code="w">(DLC)sn 94060544</subfield><subfield code="w">(OCoLC)30995529</subfield></datafield></record>